<?xml version="1.0" encoding="UTF-8"?><collection xmlns="http://www.loc.gov/MARC21/slim"><record><leader>00350nam--2200133-i-4500</leader><controlfield tag="001">000033688</controlfield><controlfield tag="002">20161230</controlfield><controlfield tag="005">20161230201039</controlfield><controlfield tag="008">060222s1000------------r-----000-0-eng-d</controlfield><datafield ind1=" " ind2=" " tag="080"><subfield code="a">620.179.1(021)</subfield></datafield><datafield ind1=" " ind2=" " tag="100"><subfield code="a">Muller, E.A.W</subfield></datafield><datafield ind1=" " ind2=" " tag="245"><subfield code="a">Handbuch der zerstorungsfreien materialprufung</subfield></datafield><datafield ind1=" " ind2=" " tag="260"><subfield code="a">Munchen, Oldenbourg, O., 1965, Pag.Dif</subfield></datafield><datafield ind1=" " ind2=" " tag="852"><subfield code="a">13573</subfield></datafield></record></collection>